{
  "leader": "03664cam a2200457 a 4500",
  "fields": [
    {
      "001": "ocm22345731\\"
    },
    {
      "003": "OCoLC"
    },
    {
      "005": "20220105135208.0"
    },
    {
      "008": "900814s1991\\\\\\\\nyua\\\\\\\\\\b\\\\\\\\001\\0\\eng\\\\"
    },
    {
      "010": {
        "ind1": "\\",
        "ind2": "\\",
        "subfields": [
          {
            "a": "   90046448 "
          }
        ]
      }
    },
    {
      "040": {
        "ind1": "\\",
        "ind2": "\\",
        "subfields": [
          {
            "a": "DLC"
          },
          {
            "b": "eng"
          },
          {
            "c": "DLC"
          },
          {
            "d": "CCH"
          },
          {
            "d": "HVC"
          },
          {
            "d": "EL{dollar}"
          },
          {
            "d": "NLGGC"
          },
          {
            "d": "BAKER"
          },
          {
            "d": "BTCTA"
          },
          {
            "d": "LVB"
          },
          {
            "d": "YDXCP"
          },
          {
            "d": "GEBAY"
          },
          {
            "d": "BDX"
          },
          {
            "d": "GBVCP"
          },
          {
            "d": "OCLCF"
          },
          {
            "d": "DEBBG"
          },
          {
            "d": "OCLCQ"
          },
          {
            "d": "OCLCO"
          },
          {
            "d": "DHA"
          },
          {
            "d": "OCLCQ"
          },
          {
            "d": "OCLCA"
          },
          {
            "d": "VLW"
          },
          {
            "d": "OCLCA"
          },
          {
            "d": "OCLCO"
          }
        ]
      }
    },
    {
      "019": {
        "ind1": "\\",
        "ind2": "\\",
        "subfields": [
          {
            "a": "1167117021"
          },
          {
            "a": "1201914643"
          }
        ]
      }
    },
    {
      "020": {
        "ind1": "\\",
        "ind2": "\\",
        "subfields": [
          {
            "a": "087154606X"
          }
        ]
      }
    },
    {
      "020": {
        "ind1": "\\",
        "ind2": "\\",
        "subfields": [
          {
            "a": "9780871546067"
          }
        ]
      }
    },
    {
      "035": {
        "ind1": "\\",
        "ind2": "\\",
        "subfields": [
          {
            "a": "(OCoLC)22345731"
          },
          {
            "z": "(OCoLC)1167117021"
          },
          {
            "z": "(OCoLC)1201914643"
          }
        ]
      }
    },
    {
      "043": {
        "ind1": "\\",
        "ind2": "\\",
        "subfields": [
          {
            "a": "n-us-ny"
          }
        ]
      }
    },
    {
      "050": {
        "ind1": "0",
        "ind2": "0",
        "subfields": [
          {
            "a": "HC108.N7"
          },
          {
            "b": "D83 1991"
          }
        ]
      }
    },
    {
      "082": {
        "ind1": "0",
        "ind2": "0",
        "subfields": [
          {
            "a": "307.76097471"
          },
          {
            "b": "DUA"
          }
        ]
      }
    },
    {
      "245": {
        "ind1": "0",
        "ind2": "0",
        "subfields": [
          {
            "a": "Dual city :"
          },
          {
            "b": "restructuring New York /"
          },
          {
            "c": "edited by John Hull Mollenkopf and Manuel Castells."
          }
        ]
      }
    },
    {
      "260": {
        "ind1": "\\",
        "ind2": "\\",
        "subfields": [
          {
            "a": "New York :"
          },
          {
            "b": "Russell Sage Foundation,"
          },
          {
            "c": "\u00a91991."
          }
        ]
      }
    },
    {
      "300": {
        "ind1": "\\",
        "ind2": "\\",
        "subfields": [
          {
            "a": "xiv, 477 pages :"
          },
          {
            "b": "illustrations ;"
          },
          {
            "c": "24 cm."
          }
        ]
      }
    },
    {
      "336": {
        "ind1": "\\",
        "ind2": "\\",
        "subfields": [
          {
            "a": "text"
          },
          {
            "b": "txt"
          },
          {
            "2": "rdacontent"
          }
        ]
      }
    },
    {
      "337": {
        "ind1": "\\",
        "ind2": "\\",
        "subfields": [
          {
            "a": "unmediated"
          },
          {
            "b": "n"
          },
          {
            "2": "rdamedia"
          }
        ]
      }
    },
    {
      "338": {
        "ind1": "\\",
        "ind2": "\\",
        "subfields": [
          {
            "a": "volume"
          },
          {
            "b": "nc"
          },
          {
            "2": "rdacarrier"
          }
        ]
      }
    },
    {
      "490": {
        "ind1": "1",
        "ind2": "\\",
        "subfields": [
          {
            "a": "The City in the twenty-first century"
          }
        ]
      }
    },
    {
      "504": {
        "ind1": "\\",
        "ind2": "\\",
        "subfields": [
          {
            "a": "Includes bibliographical references (pages 419-439) and indexes."
          }
        ]
      }
    },
    {
      "505": {
        "ind1": "0",
        "ind2": "\\",
        "subfields": [
          {
            "a": "The decline and rise of the New York economy / Matthew Drennan -- The changing ethnic/racial division of labor / Thomas Bailey, Roger Waldinger -- The informal economy / Saskia Sassen -- The public sector / Charles Brecher, Raymond Horton -- The geography of employment and residence in New York since 1950 / Richard Harris -- Upper professionals : a high command of commerce, culture, and civic regulation / Steven Brint -- Women clerical workers / Cynthia Fuchs Epstein, Stephen R. Duncombe -- The separation of mothers and children / Ida Susser -- Crime and the social fabric / Mercer Sullivan -- The structure of the media / Mitchell Moss, Sarah Ludwig -- Patterns of neighborhood change / Frank DeGiovanni, Lorraine Minnite -- The changing character of community politics in New York City : 1968-1988 / Susan Fainstein, Norman Fainstein -- Political inequality / John Mollenkopf -- Poles apart : urban restructuring in New York and Los Angeles / Edward Soja -- A dual to New York? London in the 1980s / Ian Gordon, Michael Harloe -- Is New York a dual city? / Manuel Castells, John Mollenkopf."
          }
        ]
      }
    },
    {
      "520": {
        "ind1": "\\",
        "ind2": "\\",
        "subfields": [
          {
            "a": "Have the last two decades produced a New York composed of two separate and unequal cities? As the contributors to Dual City reveal, the complexity of inequality in New York defies simple distinctions between black and white, the Yuppies and the homeless. The city's changing economic structure has intersected with an increasingly diversified population, providing upward mobility for some groups while isolating others. As race, gender, ethnicity, and class become ever more critical components of the postindustrial city, the New York experience illuminates not just one great city, or indeed all large cities, but the forces affecting most of the globe. -- Amazon.com."
          }
        ]
      }
    },
    {
      "651": {
        "ind1": "\\",
        "ind2": "0",
        "subfields": [
          {
            "a": "New York (N.Y.)"
          },
          {
            "x": "Economic conditions."
          }
        ]
      }
    },
    {
      "651": {
        "ind1": "\\",
        "ind2": "0",
        "subfields": [
          {
            "a": "New York (N.Y.)"
          },
          {
            "x": "Social conditions."
          }
        ]
      }
    },
    {
      "650": {
        "ind1": "\\",
        "ind2": "7",
        "subfields": [
          {
            "a": "Economic history."
          },
          {
            "2": "fast"
          },
          {
            "0": "(OCoLC)fst00901974"
          }
        ]
      }
    },
    {
      "650": {
        "ind1": "\\",
        "ind2": "7",
        "subfields": [
          {
            "a": "Social conditions"
          },
          {
            "2": "fast"
          },
          {
            "0": "(OCoLC)fst01919811"
          }
        ]
      }
    },
    {
      "651": {
        "ind1": "\\",
        "ind2": "7",
        "subfields": [
          {
            "a": "New York (State)"
          },
          {
            "z": "New York."
          },
          {
            "2": "fast"
          },
          {
            "0": "(OCoLC)fst01204333"
          }
        ]
      }
    },
    {
      "700": {
        "ind1": "1",
        "ind2": "\\",
        "subfields": [
          {
            "a": "Mollenkopf, John H.,"
          },
          {
            "d": "1946-"
          }
        ]
      }
    },
    {
      "700": {
        "ind1": "1",
        "ind2": "\\",
        "subfields": [
          {
            "a": "Castells, Manuel,"
          },
          {
            "d": "1942-"
          }
        ]
      }
    },
    {
      "830": {
        "ind1": "\\",
        "ind2": "0",
        "subfields": [
          {
            "a": "City in the twenty-first century book series."
          }
        ]
      }
    },
    {
      "856": {
        "ind1": "4",
        "ind2": "2",
        "subfields": [
          {
            "3": "Contributor biographical information"
          },
          {
            "u": "http://catdir.loc.gov/catdir/enhancements/fy1602/90046448-b.html"
          }
        ]
      }
    },
    {
      "856": {
        "ind1": "4",
        "ind2": "2",
        "subfields": [
          {
            "3": "Publisher description"
          },
          {
            "u": "http://catdir.loc.gov/catdir/enhancements/fy1602/90046448-d.html"
          }
        ]
      }
    },
    {
      "994": {
        "ind1": "\\",
        "ind2": "\\",
        "subfields": [
          {
            "a": "Z0"
          },
          {
            "b": "NYRVC"
          }
        ]
      }
    },
    {
      "948": {
        "ind1": "\\",
        "ind2": "\\",
        "subfields": [
          {
            "h": "NO HOLDINGS IN NYRVC - 439 OTHER HOLDINGS"
          }
        ]
      }
    },
    {
      "999": {
        "ind1": "\\",
        "ind2": "\\",
        "subfields": [
          {
            "a": "00000000014582"
          }
        ]
      }
    }
  ]
}